
@book{laski2009software,
  title={{Software Verification and Analysis}},
  author={Laski, J. and Stanley, W.},
  isbn={9781848822405},
  url={http://books.google.rs/books?id=5hFnaDQ1jiAC},
  year={2009},
  publisher={Springer-Verlag},
  address = {London}
}

@book{paper,
  title={{Synthesis of Biological Models from Mutation Experiments}},
  author={Ali Sinan K ̈oksal, Rastislav Bod ́ık,Yewen Pu,Saurabh Srivastava,
Jasmin Fisher,Nir Piterman},
  url={https://doi.org/10.1145/2429069.2429125},
  year={2013},
  publisher={ACM},
  address = {New York, NY, USA}
}

@misc{execbio,
title = {{Executable Biology}},
note = {on-line at: \url{https://www.microsoft.com/en-us/research/publication/executable-biology/}},
    author = {Jasmin Fisher,
Thomas A. Henzinger},
    year = {2006}
}




@article{haltingproblem,
    author = {Turing, A. M.},
    citeulike-article-id = {155758},
    journal = {Proceedings of the London Mathematical Society},
    keywords = {computability, entscheidungsproblem, turing},
    number = {42},
    pages = {230--265},
    posted-at = {2005-04-08 18:11:59},
    priority = {0},
    title = {{On Computable Numbers, with an application to the Entscheidungsproblem}},
    volume = {2},
    year = {1936}
}

